<record><leader>00000cas a22000007a 4500</leader><controlfield tag="001">23121451</controlfield><controlfield tag="008">910219d19851985couwr ne      0    0eng d</controlfield><datafield ind1=" " ind2=" " tag="010"><subfield code="a">sn 91052134 </subfield></datafield><datafield ind1=" " ind2=" " tag="040"><subfield code="a">CNQ</subfield><subfield code="b">eng</subfield><subfield code="c">CNQ</subfield><subfield code="d">OCLCQ</subfield></datafield><datafield ind1=" " ind2=" " tag="042"><subfield code="a">msc</subfield></datafield><datafield ind1="0" ind2="0" tag="245"><subfield code="a">Chronicle and pilot.</subfield></datafield><datafield ind1="1" ind2="3" tag="246"><subfield code="a">Crested Butte chronicle pilot</subfield></datafield><datafield ind1=" " ind2=" " tag="260"><subfield code="a">Crested Butte, Colo. :</subfield><subfield code="b">Myles Arber</subfield></datafield><datafield ind1=" " ind2=" " tag="300"><subfield code="a">v.</subfield></datafield><datafield ind1=" " ind2=" " tag="310"><subfield code="a">Weekly</subfield></datafield><datafield ind1="0" ind2=" " tag="362"><subfield code="a">Vol. 24, no. 18 (Apr. 12, 1985)-v. 24, no. 26 (June 14, 1985).</subfield></datafield><datafield ind1=" " ind2=" " tag="530"><subfield code="a">Available on microfilm from the Colorado Historical Society.</subfield></datafield><datafield ind1=" " ind2=" " tag="752"><subfield code="a">United States</subfield><subfield code="b">Colorado</subfield><subfield code="c">Gunnison</subfield><subfield code="d">Crested Butte.</subfield></datafield><datafield ind1="0" ind2="4" tag="780"><subfield code="t">Chronicle (Crested Butte, Colo.)</subfield><subfield code="w">(DLC)sn 91052133</subfield></datafield><datafield ind1="0" ind2="4" tag="780"><subfield code="t">Crested Butte pilot</subfield><subfield code="w">(DLC)sn 91052132</subfield></datafield><datafield ind1="0" ind2="0" tag="785"><subfield code="t">Crested Butte chronicle &amp; pilot</subfield><subfield code="w">(DLC)sn 88001629</subfield></datafield></record>